3022 5078
629 385 791 440 ANHANG.
1204 389 1265 454 115

154 558 251 640 Folge
276 557 461 636 demelben,
494 556 550 622 des
578 579 770 644 coresequnee
800 578 861 644 pro
883 557 1107 637 antecedenti,
1141 566 1266 643 genolm

154 669 243 734 wird.
287 668 424 734 Hiorher
445 665 584 750 gehbren
605 688 631 733 z.
650 669 685 735 B.
705 668 756 734 dio
777 666 915 735 Stellen:
949 671 1029 732 Anu.
1053 669 1095 750 Π,
1120 674 1179 736 33:
1208 673 1263 740 de-

153 783 274 846 cretum
296 825 385 851 .....
408 801 448 844 ne
469 781 568 845 neatis
582 781 688 846 aerico
707 780 792 846 circo
804 775 973 867 foedaret,
998 784 1094 845 stell:
1113 803 1153 849 ne
1174 789 1265 851 aeota

152 890 259 955 serica
280 891 342 953 oiri
364 890 589 969 induerentur,
614 911 698 976 quae
719 913 775 956 eae
793 887 969 974 laedatura
992 904 1089 972 eonon·
1120 893 1169 973 ΙΙ,
1204 899 1262 960 35:

155 999 239 1070 Pina
263 1023 454 1086 quamquam
474 999 641 1090 afuturum
662 1024 699 1066 oe
724 1001 847 1066 Caesar
869 998 1016 1082 dixerat,
1040 1001 1079 1067 ab
1097 1002 1136 1067 id
1156 1005 1262 1090 magio

152 1111 296 1197 agendm
323 1109 422 1200 (ree)
452 1112 616 1185 censebat,
651 1115 688 1177 ut
721 1111 854 1178 absente
880 1111 1031 1198 principe
1058 1118 1203 1180 eenatnno
1230 1119 1261 1182 et

152 1223 275 1308 equites
296 1244 392 1310 poene
412 1246 472 1288 ena
495 1215 603 1289 munia
624 1222 782 1288 sustinere
805 1221 952 1289 decorum
973 1222 1022 1288 rai
1042 1222 1191 1310 publicae
1207 1220 1261 1311 [aa

151 1338 212 1414 ret,
235 1338 331 1399 stell:
356 1339 541 1421 appareret,
557 1333 643 1419 quod
664 1379 693 1397 ..
716 1332 864 1398 decorum
876 1327 991 1420 forele
1012 1332 1118 1414 1v,3:
1139 1339 1178 1400 ut
1198 1355 1261 1423 pro

151 1444 293 1510 honestis
319 1458 351 1510 ot
379 1443 601 1532 praesentibus
622 1444 800 1536 flagitiosa
838 1447 870 1509 et
891 1443 1017 1510 incerta
1040 1447 1258 1532 respectaret,

151 1559 248 1620 stell:
281 1555 398 1631 mallet,
431 1577 513 1642 quae
549 1554 773 1643 exspectanda
810 1557 925 1620 urent.
969 1552 1012 1620 Sa
1040 1553 1084 1619 im
1113 1553 1263 1638 Agricola
1342 1625 1344 1629 ,

151 1687 176 1730 c.
200 1671 230 1746 5,
255 1671 289 1730 1:
323 1665 431 1733 Prima
453 1670 630 1730 castrorum
650 1665 836 1733 rudimenta
855 1665 890 1728 in
913 1663 1087 1730 Britannia
1110 1665 1263 1732 Suetonio

156 1766 288 1841 Paulino
313 1823 367 1841 ...
389 1775 595 1863 approbavit,
619 1779 699 1843 stell
711 1775 822 1862 poenit
836 1775 893 1849 itu,
916 1778 952 1840 ut
1047 1775 1260 1863 approbaret,

150 1907 175 1951 c.
201 1891 251 1968 39,
275 1891 315 1951 5:
337 1891 375 1953 at
393 1909 476 1952 nnnc
490 1907 597 1951 aeram
611 1905 817 1971 magnamque
829 1885 997 1953 uictoriam
1020 1932 1069 1950 ...
1093 1885 1259 1962 celebrari,

148 2001 229 2066 stell
250 2000 449 2083 reportatam
471 2018 549 2075 eece,
571 2015 651 2082 quae
673 1995 898 2062 celebraretur.

236 2223 264 2282 2.
308 2216 399 2283 Noch
429 2216 606 2283 deutlicher
628 2217 697 2283 sind
720 2218 771 2283 die
790 2216 896 2296 nono,
927 2236 1017 2282 wenn
1045 2215 1097 2282 bei
1118 2214 1258 2300 Verglei-

150 2327 297 2412 chungon
311 2328 377 2394 und
401 2327 453 2393 bei
468 2328 658 2394 Antitheeon
680 2328 714 2393 in
736 2329 808 2394 dem
826 2327 959 2394 zweilen
977 2325 1154 2411 Solugliedo
1168 2325 1259 2394 nieht

148 2439 206 2504 der
235 2437 487 2523 enleprechendo
518 2438 722 2522 Gegeneland
757 2440 814 2506 der
841 2436 1076 2522 Vergleichung
1104 2437 1182 2506 oder
1202 2437 1259 2504 doe

149 2549 376 2632 Gegeneatues,
405 2549 543 2615 sondern
565 2555 646 2615 etett
666 2549 832 2616 desselben
854 2555 952 2615 elnae
973 2549 1117 2615 Anderos
1138 2544 1260 2636 genetut

148 2659 237 2738 wird,
260 2681 323 2725 was
347 2661 405 2732 mit
428 2661 546 2727 diesem
569 2660 791 2744 Gegenslande
813 2661 846 2725 in
865 2661 939 2726 dom
961 2659 1259 2744 Zueammenhenge

74 2766 76 2769 ’
148 2769 205 2835 der
227 2770 343 2852 Folge,
374 2771 432 2837 dor
453 2771 596 2838 n’e'beron
616 2771 836 2856 Beslimmung
857 2771 934 2837 oder
955 2771 989 2836 in
1011 2771 1115 2838 einem
1134 2770 1258 2837 andern

147 2881 317 2946 thnlichon
339 2882 444 2965 steht,
471 2903 506 2949 eo
537 2883 610 2949 dees
639 2882 690 2950 die
716 2883 832 2949 beiden
861 2882 1056 2967 Setnglieder
1087 2881 1184 2966 (ohne
1205 2880 1257 2949 die

146 2993 360 3076 Supplierung
389 2996 477 3077 Jenes
515 2993 769 3080 Gegonslandes)
802 2994 894 3063 nicht
931 2995 965 3059 in
996 2995 1068 3060 dem
1100 2992 1257 3077 richtigon

144 3103 305 3185 logischen
328 3104 528 3171 Verhlillnieo
550 3126 590 3171 eu
612 3105 764 3172 einander
786 3104 908 3172 slehen.
953 3107 1020 3171 Fiir
1041 3104 1094 3170 die
1116 3103 1255 3187 Verglei·

149 3213 255 3298 chung
276 3219 390 3297 mbgen
409 3215 556 3298 folgende
577 3215 698 3282 Stellen
720 3216 768 3279 obs
790 3215 944 3298 Beiopiele
966 3215 1096 3281 dienen:
1126 3216 1207 3281 Anu.
1230 3214 1256 3296 1,

147 3331 183 3390 8:
208 3324 228 3404 (
238 3324 408 3410 Tiberine)
438 3325 545 3391 edicto
567 3328 703 3408 monuit,
732 3349 790 3406 ne,
823 3330 858 3391 ut
880 3325 1039 3410 quondam
1060 3325 1168 3390 nimiie
1188 3328 1255 3391 elu-

150 3436 216 3502 diie
229 3435 333 3526 sunm
355 3438 422 3502 diui
445 3436 523 3502 lulii
545 3436 745 3518 turbassent,
775 3437 823 3501 ila
848 3439 1022 3522 Augustum
1044 3435 1076 3499 in
1100 3433 1173 3519 soro
1194 3457 1255 3525 po-

146 3548 215 3612 tine
237 3568 330 3631 quam
353 3552 386 3610 in
409 3568 520 3633 campo
542 3546 662 3612 Martie
751 3547 885 3615 memori
906 3545 1041 3625 nollent,
1071 3549 1110 3610 et.
1132 3567 1189 3627 ne,
1220 3550 1257 3615 u

145 3655 304 3743 quondam
331 3657 399 3724 diei
435 3657 528 3740 iulii,
551 3660 599 3723 ita
624 3658 759 3742 dupurti
770 3653 878 3746 furino
898 3656 1075 3731 turbarent,
1098 3678 1167 3722 cum
1188 3677 1257 3726 enm

189 3817 218 3833 ..
241 3775 377 3833 cremari
398 3769 533 3851 uellent;
565 3769 633 3850 XV,
657 3772 716 3833 36:
742 3773 779 3834 ut
798 3774 831 3833 in
852 3769 992 3856 privatio
1012 3765 1257 3835 neceeeitudini

145 3878 205 3944 bue
225 3879 374 3966 proximo
395 3879 534 3966 pignora
556 3881 799 3968 praevalerent,
820 3881 872 3946 ita
892 3877 1047 3967 populum
1075 3876 1255 3945 Romanum

144 3990 206 4054 eim
226 3990 399 4077 plurimam
421 3990 537 4058 babere
563 3992 624 4076 (wo
645 3989 828 4074 Nipperdey
856 3988 939 4055 nach
963 3987 1015 4053 ita
1035 3987 1119 4057 ohne
1142 3989 1254 4060 erund

144 4105 178 4165 in
199 4100 388 4188 republica
409 4099 644 4186 himuzufiigen
671 4101 725 4168 fiir
745 4100 858 4184 niilhig
886 4097 968 4185 hiilt)
997 4103 1037 4166 et.
1062 4104 1099 4166 nt
1120 4101 1156 4165 in
1183 4100 1254 4188 pri·

143 4212 230 4278 natio
251 4211 556 4295 roccereitndinibue,
593 4214 643 4279 ita
670 4217 704 4278 in
733 4235 769 4278 re
789 4209 923 4299 publica
942 4212 1094 4299 proaimc
1114 4211 1255 4298 pignora

142 4324 437 4411 praevalerem
458 4329 534 4405 elc.;
557 4323 641 4405 XVI,
665 4329 683 4388 7
695 4346 702 4387 :
727 4323 865 4390 Mortem
888 4320 1063 4410 Poppaeae
1082 4326 1119 4388 nt
1143 4319 1257 4408 polam

142 4437 275 4511 tristem,
297 4436 347 4501 ita
367 4434 612 4503 recordantibne
630 4434 746 4500 laetam
768 4435 808 4500 ab
822 4433 1058 4522 impudicitiam
1074 4433 1254 4499 caevitiam·

142 4568 213 4633 que,
235 4552 276 4612 el.
299 4549 348 4613 ita
370 4547 492 4614 occulte
516 4545 611 4633 (dh.
631 4547 666 4612 in
687 4546 802 4613 aune
821 4544 1152 4683 bominumplaelan,
1183 4564 1253 4612 cnm

964 4650 981 4700 e
