2978 5340
251 345 311 406 116
727 328 901 395 ANHANG.'

250 511 517 585 recordarentur3
548 512 631 577 Hist.
663 514 696 594 Ι,
728 518 784 577 52:
818 511 898 600 (ut)
929 513 1078 579 Vitellius
1111 512 1204 599 apud
1235 535 1370 579 severos

248 623 388 703 humilis,
413 624 461 687 ita
477 624 658 688 comitatem
673 624 909 710 bonitatemque
921 629 1068 706 faventes
1089 623 1251 708 vacabant,
1275 623 1368 710 quod

248 736 317 799 sine
339 733 449 808 modo,
479 740 547 798 sine
576 734 699 799 iudicio
721 734 855 800 donaret
877 758 950 815 sua,
974 735 1148 821 largiretur
1170 735 1296 809 aliena,
1321 741 1365 799 st.

248 846 297 910 ita
321 845 411 932 apud
434 845 516 910 leves
539 845 618 927 (leve
639 846 766 930 vulgus)
789 847 994 932 magnificus,
1014 868 1088 911 nam
1112 894 1166 910 ...
1189 846 1367 911 vocabant.

248 957 315 1020 Aus
336 956 409 1020 dom
435 955 596 1038 Agricola:
625 976 651 1019 c.
679 961 705 1035 1,
731 959 764 1018 6:
796 957 884 1044 apud
912 959 1039 1045 priores
1068 961 1104 1021 ut
1136 978 1232 1042 agere
1260 955 1377 1039 dipna-

247 1071 420 1132 memorotu
440 1088 575 1154 pronum
591 1068 755 1153 magisque
771 1069 805 1131 in
825 1072 941 1153 aperto
964 1072 1043 1148 erat,
1065 1069 1115 1132 ita
1137 1067 1366 1133 celeberrimus

249 1179 381 1266 quisque
404 1178 532 1263 iugenio
555 1177 600 1243 ad
620 1177 821 1265 prodendam
840 1179 974 1242 virtutis
995 1184 1176 1244 nremoriam
1197 1178 1265 1242 sine
1286 1197 1363 1261 gra·

248 1293 296 1354 tia
318 1295 373 1354 ant
399 1288 571 1353 ambitione
594 1289 693 1354 bonae
711 1292 835 1353 tantum
858 1289 1074 1354 carsseientiae
1087 1289 1198 1370 pretio
1223 1287 1366 1353 duceba-

249 1415 312 1483 tur,
335 1405 375 1466 st.
400 1404 437 1464 ut
459 1421 572 1484 agere,
591 1401 639 1465 ita
662 1399 801 1471 scribere
822 1404 994 1464 meinoratu
1019 1401 1119 1484 digna
1139 1420 1274 1486 pronum
1296 1419 1365 1462 ma·

249 1511 362 1597 gisque
384 1511 417 1574 in
443 1521 555 1596 aperta
578 1516 661 1590 erat,
686 1533 758 1576 nam
781 1509 1002 1575 celeberrimus
1026 1511 1158 1597 quisque
1181 1515 1258 1590 etc.;
1284 1530 1309 1575 c.
1332 1514 1366 1590 3,

250 1625 288 1683 7:
308 1625 344 1685 ut
364 1641 500 1706 corpora
514 1625 624 1685 nostra
637 1622 721 1687 lente
738 1626 923 1706 augescunt,
947 1622 1012 1686 cito
1032 1623 1292 1706 exstinguuntur,
1315 1627 1367 1686 sia

249 1732 380 1816 ingenia
403 1731 576 1818 studiaque
599 1735 800 1818 oppresseris
819 1729 953 1816 facilius
977 1753 1067 1816 quam
1088 1721 1298 1814 revocaveris,
1320 1738 1363 1798 st.

250 1843 298 1908 sic
320 1843 452 1926 ingenia
473 1842 648 1929 studiaque
672 1845 770 1928 (lente
791 1847 977 1929 augescunt,
998 1844 1063 1908 cito
1086 1844 1365 1928 exstinguuntur),

251 1975 332 2040 quae
355 1952 447 2036 (oder
468 1977 540 2018 nam
563 1955 613 2038 ea)
637 1960 839 2040 oppresseris
860 1960 937 2039 etc,
960 1975 986 2017 c.
1010 1958 1061 2033 31,
1084 1958 1122 2016 9:
1144 1955 1229 2020 sicut
1250 1955 1286 2019 in
1298 1951 1363 2042 sa-

251 2066 341 2131 milio
365 2067 603 2130 recentissimus
633 2066 765 2151 quisque
794 2088 954 2131 servorum
978 2069 1072 2128 etiam
1094 2065 1252 2129 conservis
1271 2065 1362 2130 ludi-

251 2175 321 2241 brio
344 2181 409 2252 est,
439 2177 542 2239 sicin
572 2177 630 2238 lrac
659 2175 744 2238 orbis
766 2179 924 2240 terrarum
946 2173 1113 2262 famulatu
1142 2176 1215 2240 novi
1243 2197 1302 2240 nas
1328 2182 1364 2242 et

250 2286 330 2350 viles
350 2287 385 2349 in
406 2285 569 2350 escidium
586 2285 745 2371 petimur,
767 2307 824 2366 wo,
848 2306 951 2368 genau
974 2306 1172 2368 genommen‚
1196 2283 1295 2352 sehon
1318 2287 1363 2351 im

251 2400 358 2475 ersten
381 2395 539 2477 Satzglied
563 2394 621 2459 der
643 2395 802 2462 wirkliohe
820 2395 1172 2480 Vergleichungspunkt
1193 2397 1253 2462 mit
1274 2396 1366 2463 einer

251 2505 456 2589 specielleren
475 2507 695 2590 Bcstimmung
709 2506 893 2572 vertauscht
912 2508 964 2587 ist,
986 2508 1028 2571 da
1049 2529 1082 2571 cs
1097 2506 1266 2591 eigentlich
1279 2506 1365 2572 heis-

251 2639 308 2686 sen
330 2624 469 2683 miisste:
491 2620 573 2684 sicut
596 2620 629 2682 in
650 2616 780 2701 familia
802 2619 1041 2684 recentissimus
1056 2620 1188 2705 quisque
1203 2640 1366 2684 servorum

251 2732 327 2796 vilis
347 2735 403 2810 est,
426 2732 481 2816 qni
503 2731 601 2794 etiam
629 2731 787 2794 conservis
810 2729 951 2796 ludibrio
975 2735 1035 2810 est,
1059 2731 1107 2795 sic
1129 2734 1224 2795 etiam
1246 2730 1280 2793 in
1303 2729 1366 2794 looc

252 2841 339 2905 orbis
358 2837 514 2924 [arrestata
536 2841 792 2923 (recentissimus
816 2842 949 2927 quisque
972 2841 1046 2906 vilis
1068 2842 1148 2925 est),
1170 2862 1268 2934 quare
1289 2841 1366 2905 novi

252 2973 309 3016 nos
331 2955 362 3016 et
384 2950 461 3014 viles
481 2950 515 3012 in
538 2951 697 3014 excidium
719 2952 867 3037 petimur.

348 3061 525 3127 Besondsrs
553 3060 713 3126 zahlreich
738 3062 808 3125 sind
834 3062 885 3127 die
915 3063 1068 3147 Beispiele
1097 3061 1150 3126 fiir
1188 3061 1239 3128 die
1269 3063 1363 3127 Anti·

253 3172 359 3238 these:
392 3177 470 3236 Anu.
491 3172 524 3253 Ι,
552 3177 607 3236 17;
636 3196 697 3236 non
720 3172 896 3239 obtrectari
923 3197 943 3238 a
973 3197 1007 3239 se
1038 3178 1177 3244 urbanas
1199 3173 1361 3246 excubias,

252 3284 316 3354 sibi
326 3288 433 3350 tomen
451 3284 541 3369 apud
552 3284 704 3349 horridas
725 3290 835 3368 gentes
848 3309 864 3350 e
875 3285 1090 3350 contuberniis
1110 3285 1229 3349 bostem
1245 3285 1362 3371 aspici,

253 3401 293 3460 st.
329 3416 418 3459 suam
454 3398 558 3458 tamen
596 3394 811 3460 condicionem
841 3417 908 3460 esse
936 3396 1164 3470 molestiorem,
1194 3418 1278 3475 nam,
1300 3396 1364 3461 sibi

253 3512 331 3589 ctc.;
352 3506 377 3585 I,
394 3508 451 3569 63:
475 3505 508 3568 in
523 3505 677 3592 paludem
692 3526 824 3590 gnaram
837 3506 1047 3587 vincentibus,
1070 3507 1212 3592 iniquam
1234 3506 1365 3581 nesciis3

251 3617 365 3698 11,47:
390 3615 521 3680 Sedisse
544 3617 708 3679 immensos
730 3621 861 3690 montes,
884 3617 951 3680 visa
974 3616 1009 3680 in
1024 3617 1138 3693 arduo,
1160 3638 1241 3703 quae
1262 3616 1363 3704 plana

252 3726 372 3808 fuerint
397 3727 457 3810 (wo
471 3725 681 3809 Nipperdey's
698 3725 868 3809 conjectur
890 3729 979 3792 enisa
1000 3729 1034 3791 in
1054 3727 1191 3792 arduum
1204 3726 1364 3808 unnbthig

252 3837 318 3921 ist),
339 3841 378 3901 st.
401 3837 500 3922 plana
521 3838 554 3900 in
577 3840 698 3901 montes
719 3839 915 3919 surrexisse,
944 3842 981 3902 ut
1009 3839 1043 3902 in
1066 3837 1170 3903 arduo
1193 3842 1263 3901 alsa
1284 3837 1363 3914 sint,

253 3969 334 4034 qnae
352 3947 452 4033 plana
470 3945 608 4029 fuerint·
629 3947 683 4028 IV,
709 3952 765 4012 34:
789 3947 863 4012 Non
885 3954 918 4012 in
940 3947 1065 4034 effigies
1086 3953 1190 4015 mutas
1211 3949 1363 4035 spiritum

252 4064 461 4141 transfusum,
486 4058 545 4122 sed
561 4056 697 4147 effigiem
712 4081 828 4138 veram,
852 4059 982 4124 caelesti
1004 4061 1158 4145 sanguine
1180 4063 1291 4132 ortam,
1313 4059 1363 4124 in-

252 4171 406 4255 tellegere
429 4169 621 4249 discrimen,
655 4171 821 4256 suscipere
843 4169 972 4249 sordes,
1003 4176 1041 4237 st.
1071 4170 1189 4236 sedin
1219 4167 1362 4258 effigiem

252 4302 373 4362 veram,
405 4304 431 4344 a.
453 4303 477 4344 s.
508 4284 628 4360 ortam,
664 4303 794 4367 eamque
816 4285 894 4362 etc.;
923 4282 1017 4363 XIII,
1042 4286 1100 4345 21:
1130 4279 1360 4368 (Agrippina)

253 4391 406 4455 nibil
432 4390 604 4472 disseruit,
634 4391 694 4456 sed
721 4392 867 4457 ultionem
896 4392 930 4457 in
962 4392 1125 4458 delatores
1155 4397 1188 4459 et
1215 4392 1363 4480 praemia

253 4503 365 4566 amicis
394 4501 532 4567 obtinuit
564 4507 602 4566 st.
631 4503 810 4590 postulavit
832 4507 864 4570 et
893 4503 1050 4585 obtinuit3
1079 4501 1162 4587 XIV,
1186 4507 1243 4568 68:
1263 4525 1362 4590 eoque
